@article{horowitz1974,
title={Picture Segmentation by a Tree Traversal Algorithm},
author={Steven L. Horowitz, Theodosios Pavlidis},
year={1974},
place={Princeton University}
}

@article{siadat1997,
title={An Optimized Segmentation Method for a 2D Laser-Scanner Applied to Mobile Robot Navigation},
author={Ali Syadat, Axel Kaske},
year={1997},
place={Karlsruhe University}
}

@article{nguyen2006,
title={A comparison of line extraction algorithms using 2D range data for indoor mobile robotics},
author={Viet Nguyen, Stefan Gachter},
year={2006},
place={ETH Zurich}
}

@article{dempster1977,
title={Maximum Likelihood from Incomplete Data via the EM Algorithm},
author={A. P. Dempster, N. M. Laird},
year={1977}
}

@article{fischler1981,
title={Random Sample Conseunsus: A Paradigm for Model Fitting with Applications to Image Analysis and Automated Cartography},
author={Martin A. Fischler, Robert C. Bolles},
year={1981}
}

@article{chum2003,
title={Locally Optimized RANSAC},
author={Ondrej Chum, Jan Matas},
year={2003}
}

@article{chum2008,
title={Optimal Randomized RANSAC},
author={Ondrej Chum, Jan Matas},
year={2008}
}

@book{hartley2017,
 place={New York}, 
 title={Multiple view geometry in computer vision}, 
 publisher={Cambridge University Press}, 
 author={Richard Hartley, Andrew Zisserman}, year={2017}
 }
 
 @inproceedings {tf,
        title = {tf: The transform library},
        booktitle = {Technologies for Practical Robot Applications (TePRA), 2013 IEEE International Conference on},
        series = {Open-Source Software workshop},
        year = {2013},
        month={April}, 
        pages={1-6}, 
        author = {Foote, Tully},
        doi={10.1109/TePRA.2013.6556373}, 
        ISSN={2325-0526}
}

@software{ros, 
  author = {{Stanford Artificial Intelligence Laboratory et al.}}, 
  title = {Robotic Operating System}, 
  url = {https://www.ros.org}, 
  version = {ROS Melodic Morenia}, 
  date = {2018-05-23}, 
}

@article{ueda1998,
	  author = {N. Ueda, R. Nakano}, 
	title = {Deterministic annealing EM algorithm}, 
	year = {1998}, 
}

@article{sabatini2007,
	author = {Roberto Sabatini, Alessandro Gardi}, 
	title = {LIDAR Obstacle Warning and Avoidance System
	for Unmanned Aircraft}, 
	year = {2007}, 
}

@article{lalonde2006,
	author = {Jean-Francois Lalonde, Nicolas Vandapel}, 
	title = {Natural Terrain Classification using Three-Dimensional Ladar Data for Ground Robot Mobility}, 
	year = {2006}, 
}

@article{kohlbrecher2017,
	author = {Stefan Kohlbrecher, Johannes Meyer}, 
	title = {Hector Open Source Modules for Autonomous Mapping and Navigation with Rescue Robots}, 
	year = {2017}, 
}

@article{himmelsbach2008,
	author = {Stefan Kohlbrecher, Johannes Meyer}, 
	title = {LIDAR-based 3D Object Perception}, 
	year = {2008}, 
}